@MISC{Abbildung1,
  AUTHOR = "Selfmade",
  TITLE = "Beispieltitel",
  HOWPUBLISHED = "http://www.noah-wollenhaupt.de",
  YEAR = "2020"
  }