@misc{InternetquelleNR1,
    author = "TESTAUTOR",
	 publisher = "Vorne Industries Inc.",
    title = "Irgendein Author",
    month = "Juli",
    year = "2010",
    url = "http://www.noah-wollenhaupt.de",}]